<?xml version="1.0" encoding="utf-8"?>
<record xmlns="http://www.loc.gov/MARC21/slim" xmlns:xsi="http://www.w3.org/2001/XMLSchema-instance" xsi:schemaLocation="http://www.loc.gov/MARC21/slim http://www.loc.gov/standards/marcxml/schema/MARC21slim.xsd">
	<leader>     nam a22        4500</leader>
	<controlfield tag="001">1818637</controlfield>
	<controlfield tag="003">NIC</controlfield>
	<controlfield tag="006">m        d        </controlfield>
	<controlfield tag="007">cr cn |||m|||a</controlfield>
	<controlfield tag="008">150505s1963    ir      ob    001 0 arar </controlfield>
	<datafield ind1=" " ind2=" " tag="040">
		<subfield code="a">NNU</subfield>
		<subfield code="b">eng</subfield>
		<subfield code="e">rda</subfield>
		<subfield code="c">NNU</subfield>
	</datafield>
	<datafield ind1="0" ind2="0" tag="050">
		<subfield code="a">BP130.4</subfield>
		<subfield code="b">.H89 1963</subfield>
	</datafield>
	<datafield ind1="1" ind2=" " tag="100">
		<subfield code="6">880-01</subfield>
		<subfield code="a">Ḥuwayzī, ʻAbd ʻAlī ibn Jumʻah,</subfield>
		<subfield code="d">active 17th century.</subfield>
	</datafield>
	<datafield ind1="1" ind2="0" tag="240">
		<subfield code="6">880-02</subfield>
		<subfield code="a">Nūr al-thaqalayn</subfield>
	</datafield>
	<datafield ind1="1" ind2="0" tag="245">
		<subfield code="6">880-03</subfield>
		<subfield code="a">Kitāb tafsīr Nūr al-thaqalayn /</subfield>
		<subfield code="c">li-muʼallifihi ʻAbd ʻAlī ibn Jumʻah al-ʻArūsī al-Ḥuwayzī ; ṣaḥḥaḥahu wa-ʻallaqa ʻalayhi Hāshim al-Rasūlī al-Maḥallātī.</subfield>
	</datafield>
	<datafield ind1=" " ind2=" " tag="250">
		<subfield code="6">880-04</subfield>
		<subfield code="a">[al-Ṭabʻah 2.].</subfield>
	</datafield>
	<datafield ind1=" " ind2=" " tag="260">
		<subfield code="6">880-05</subfield>
		<subfield code="a">Qum :</subfield>
		<subfield code="b">al-Maṭbaʻah al-ʻIlmīyah,</subfield>
		<subfield code="c">[1963?]</subfield>
	</datafield>
	<datafield ind1=" " ind2=" " tag="300">
		<subfield code="a">online resource (5 volumes)</subfield>
	</datafield>
	<datafield ind1=" " ind2=" " tag="336">
		<subfield code="a">text</subfield>
		<subfield code="2">rdacontent</subfield>
	</datafield>
	<datafield ind1=" " ind2=" " tag="337">
		<subfield code="a">computer</subfield>
		<subfield code="2">rdamedia</subfield>
	</datafield>
	<datafield ind1=" " ind2=" " tag="338">
		<subfield code="a">online resource</subfield>
		<subfield code="2">rdacarrier</subfield>
	</datafield>
	<datafield ind1=" " ind2=" " tag="500">
		<subfield code="a">In Arabic.</subfield>
	</datafield>
	<datafield ind1=" " ind2=" " tag="500">
		<subfield code="a">Part of the Arabic Collections Online (ACO) project, contributed by Cornell University Libraries.</subfield>
	</datafield>
	<datafield ind1=" " ind2=" " tag="504">
		<subfield code="a">Includes bibliographical references and indexes.</subfield>
	</datafield>
	<datafield ind1=" " ind2=" " tag="533">
		<subfield code="a">Electronic reproduction.</subfield>
		<subfield code="b">New York, N.Y. :</subfield>
		<subfield code="c">New York University,</subfield>
		<subfield code="d">2015.</subfield>
		<subfield code="5">NNU</subfield>
	</datafield>
	<datafield ind1="0" ind2="0" tag="630">
		<subfield code="a">Qurʼan</subfield>
		<subfield code="x">Commentaries</subfield>
		<subfield code="v">Early works to 1800.</subfield>
	</datafield>
	<datafield ind1="1" ind2=" " tag="700">
		<subfield code="6">880-06</subfield>
		<subfield code="a">Rasūlī Maḥallātī, Hāshim.</subfield>
	</datafield>
	<datafield ind1="2" ind2=" " tag="710">
		<subfield code="a">Cornell University.</subfield>
		<subfield code="b">Libraries.</subfield>
	</datafield>
	<datafield ind1="0" ind2=" " tag="730">
		<subfield code="a">Arabic Collections Online.</subfield>
	</datafield>
	<datafield ind1="0" ind2=" " tag="740">
		<subfield code="6">880-07</subfield>
		<subfield code="a">Tafsīr Nūr al-thaqalayn.</subfield>
	</datafield>
	<datafield ind1="0" ind2=" " tag="740">
		<subfield code="6">880-08</subfield>
		<subfield code="a">Nūr al-thaqalayn.</subfield>
	</datafield>
	<datafield ind1="0" ind2="8" tag="776">
		<subfield code="i">Online version:</subfield>
		<subfield code="a">Ḥuwayzī, ʻAbd ʻAlī ibn Jumʻah, 17th cent.</subfield>
		<subfield code="s">Nūr al-thaqalayn.</subfield>
		<subfield code="t">Kitāb tafsīr Nūr al-thaqalayn.</subfield>
		<subfield code="b">[al-Ṭabʻah 2.].</subfield>
		<subfield code="d">Qum : al-Maṭbaʻah al-ʻIlmīyah, [1963?]</subfield>
		<subfield code="w">(OCoLC)644085304</subfield>
	</datafield>
	<datafield ind1="0" ind2="8" tag="776">
		<subfield code="i">Print version:</subfield>
		<subfield code="a">Ḥuwayzī, ʻAbd ʻAlī ibn Jumʻah, active 17th century.</subfield>
		<subfield code="t">Kitāb tafsīr Nūr al-thaqalayn</subfield>
		<subfield code="w">(NIC)1818637</subfield>
		<subfield code="w">(DLC)   86930180 </subfield>
		<subfield code="w">(OCoLC)20295274</subfield>
	</datafield>
	<datafield ind1="4" ind2="0" tag="856">
		<subfield code="u">http://hdl.handle.net/2333.1/rn8pk32p</subfield>
	</datafield>
	<datafield ind1="1" ind2=" " tag="880">
		<subfield code="6">100-01/r</subfield>
		<subfield code="a">حويزي، عبد علي بن جمعة،</subfield>
		<subfield code="d">active 17th century.</subfield>
	</datafield>
	<datafield ind1="1" ind2="0" tag="880">
		<subfield code="6">240-02/r</subfield>
		<subfield code="a">نور الثقلىن</subfield>
	</datafield>
	<datafield ind1="1" ind2="0" tag="880">
		<subfield code="6">245-03/r</subfield>
		<subfield code="a">كتاب تفسير نور الثقلين /</subfield>
		<subfield code="c">لمؤلفه عبد علي بن جمعة العروسي الحويزي ؛ صححه وعلق عليه هاشم الرسولي المحلاتي.</subfield>
	</datafield>
	<datafield ind1=" " ind2=" " tag="880">
		<subfield code="6">250-04/r</subfield>
		<subfield code="a">[الطبعة 2.].</subfield>
	</datafield>
	<datafield ind1=" " ind2=" " tag="880">
		<subfield code="6">260-05/r</subfield>
		<subfield code="a">قم :</subfield>
		<subfield code="b">المطبعة العلمية،</subfield>
		<subfield code="c">[1963؟]</subfield>
	</datafield>
	<datafield ind1="1" ind2=" " tag="880">
		<subfield code="6">700-06/r</subfield>
		<subfield code="a">رسولي محلاتي، هاشم.</subfield>
	</datafield>
	<datafield ind1="0" ind2=" " tag="880">
		<subfield code="6">740-07/r</subfield>
		<subfield code="a">تفسير نور الثقلين.</subfield>
	</datafield>
	<datafield ind1="0" ind2=" " tag="880">
		<subfield code="6">740-08/r</subfield>
		<subfield code="a">نور الثقلين.</subfield>
	</datafield>
	<datafield ind1=" " ind2=" " tag="959">
		<subfield code="a">NNU</subfield>
		<subfield code="b">WEB</subfield>
		<subfield code="c">GENI</subfield>
		<subfield code="t">0</subfield>
		<subfield code="m">Electronic access</subfield>
		<subfield code="s">01</subfield>
	</datafield>
	<datafield ind1=" " ind2=" " tag="999">
		<subfield code="i">NIC_1818637</subfield>
		<subfield code="o">(OCoLC)ocm20295274</subfield>
		<subfield code="s">cornell_aco000225:juz1</subfield>
		<subfield code="s">cornell_aco000226:juz2</subfield>
		<subfield code="s">cornell_aco000227:juz3</subfield>
		<subfield code="s">cornell_aco000228:juz4</subfield>
		<subfield code="s">cornell_aco000229:juz5</subfield>
		<subfield code="e">(ERROR-880)</subfield>
		<subfield code="s">cornell_aco000225:juz1</subfield>
		<subfield code="s">cornell_aco000226:juz2</subfield>
		<subfield code="s">cornell_aco000227:juz3</subfield>
		<subfield code="s">cornell_aco000228:juz4</subfield>
		<subfield code="s">cornell_aco000229:juz5</subfield>
	</datafield>
</record>
